<?xml version="1.0" encoding="UTF-8"?><collection xmlns="http://www.loc.gov/MARC21/slim"><record><leader>00671nam--2200193-i-4500</leader><controlfield tag="001">000034146</controlfield><controlfield tag="002">20161230</controlfield><controlfield tag="005">20161230201039</controlfield><controlfield tag="008">060222s1000------------r-----000-0-eng-d</controlfield><datafield ind1=" " ind2=" " tag="020"><subfield code="a">3540576916</subfield></datafield><datafield ind1=" " ind2=" " tag="040"><subfield code="a">IFIN-HH</subfield></datafield><datafield ind1=" " ind2=" " tag="080"><subfield code="a">538.971</subfield></datafield><datafield ind1="1" ind2=" " tag="100"><subfield code="a">Baruchel, Jose</subfield></datafield><datafield ind1="1" ind2="0" tag="245"><subfield code="a">Neutron and synchrotron radiation for condensed matter studies. vol. 2. applications to solid state physics and chemistry</subfield><subfield code="c">Jose baruchel, jean-louis hodeau, mogens s. lehmann, jean-rene regnard, claire schlenker (eds.)</subfield></datafield><datafield ind1=" " ind2=" " tag="260"><subfield code="a">Berlin</subfield><subfield code="b">Springer-verlag</subfield><subfield code="c">1994</subfield></datafield><datafield ind1=" " ind2=" " tag="300"><subfield code="a">XV+317P.+XXIV</subfield></datafield><datafield ind1="1" ind2=" " tag="700"><subfield code="a">Schlenker, Claire</subfield><subfield code="e">Ed</subfield></datafield><datafield ind1=" " ind2=" " tag="852"><subfield code="a">80375</subfield><subfield code="c">539.2</subfield></datafield><datafield ind1=" " ind2=" " tag="CAT"><subfield code="a">Sys</subfield><subfield code="c">20121204</subfield><subfield code="h">151618</subfield></datafield></record></collection>